@article{ref1,
	title={On discriminative vs. generative classifiers: A comparison of logistic regression and naive Bayes},
	author={Ng, Andrew Y.; Jordan, Michael I},
	year={2002}
}
@article{ref2,
	title={Bagging and boosting variants for handling classifications problems: a survey},
	author={Kotsiantis, Sotiris },
	year={2014}
}
@article{ref3,
	title={Random Forests for multiclass classification: Random MultiNomial Logit},
	author={Prinzie, A., Van den Poel, D.},
	year={2008}
}
@article{ref4,
	title={Random Forest Simple Explanation},
	author={Will Koehrsen},
	year={2017}
}
@article{ref5,
	title={Data Mining: Accuracy and Error Measures for
	Classification and Prediction},
	author={Paola Galdi, Roberto Tagliaferr},
	year={2018}
}
